=LDR  03457 as a2200865 i 4500
=001  012088519
=003  Uk
=005  20200331161109.0
=006  m\\\\\\\\d\|\\\\\\
=007  cr||||||||||||
=008  020717c20019999enkuu\p|se\\\\0\\\a0eng\\
=015  \\$aGBA517168$2bnb
=022  0\$a1476-9506
=040  \\$aUk$beng$cUk$dUK
=042  \\$aukblsr
=082  04$a570.3$222
=130  0\$aEncyclopedia of life sciences (Online)
=210  0\$aEncycl. life Sci.$b(Online)
=222  \0$aEncyclopedia of life sciences$b(Online)
=245  10$aEncyclopedia of life sciences.$h[electronic resource].
=246  00$aNature encyclopedia of life sciences
=246  13$aELS
=260  \\$aBasingstoke :$bNature Publishing Group,$c2001-.
=260  2\$32004-$a[Chichester] :$bWiley.
=260  3\$aBognor Regis :$bWiley$32006-
=336  \\$atext$2rdacontent
=337  \\$acomputer$2rdamedia
=338  \\$aonline resource$2rdacarrier
=500  \\$aTitle from home page (viewed on 25 Feb. 2005)
=520  \\$aThe most comprehensive reference work published in the biological sciences.
=530  \\$aAlso issued in print format.
=538  \\$aMode of access: World Wide Web.
=540  \\$aCurrent copyright fee: GBP32.00$c35\0$5Uk
=590  \\$aRoute ALL FAILED DSC requests to Records Team
=650  \0$aLife sciences$vEncyclopedias.
=852  41$aBritish Library$bSTI
=856  \\$31850-9999$uhttp://onlinelibrary.wiley.com/$xBLDSS
=856  40$uhttp://www.els.net/els$zFor subscribers only, user name and password required; BL Reading Room access
=945  \\$aEncyclopedia of life sciences
=979  \\$aBritish Library$bDSC$j3738.593404N
=985  \\$aISSN responsibility transferred to U.S. ISSN Center from ISSN UK Centre, Wiley, Multinational Publisher List, Summer 2017
=ACF  \\$aPrevious copyright fee: GBP17.00$c35\0$e22-nov-2011$fGBP17.00$g0$hP$5Uk
=ACF  \\$aPrevious copyright fee: GBP24.00$c35\0$e06-dec-2018$fGBP24.00$g0$hP$5Uk
=CAT  \\$aCONV$b00$c20040425$lBLL90$h0850
=CAT  \\$aCONV$b00$c20040502$lBLL01$h1456
=CAT  \\$a3072$b40$c20050225$lBLL01$h1140
=CAT  \\$a3072$b40$c20050225$lBLL01$h1146
=CAT  \\$a9599$b40$c20060404$lBLL01$h1345
=CAT  \\$aglobal_upd$b40$c20060417$lBLL01$h1840
=CAT  \\$aISSN$b40$c20080315$lBLL01$h0806
=CAT  \\$aBATCH$b00$c20091210$lBLL01$h0648
=CAT  \\$a9729$b40$c20101122$lBLL01$h1217
=CAT  \\$a6550$b40$c20130416$lBLL01$h1401
=CAT  \\$a11313$b40$c20130524$lBLL01$h0956
=CAT  \\$aBATCH-UPD$b40$c20131021$lBLL01$h1141
=CAT  \\$aBLDSS-3PM$b00$c20141214$lBLL01$h1521
=CAT  \\$a8874$b40$c20141215$lBLL01$h1003
=CAT  \\$aBATCH-UPD$b40$c20160413$lBLL01$h1814
=CAT  \\$a5410$b40$c20161219$lBLL01$h1137
=CAT  \\$a10806$b40$c20170907$lBLL01$h1640
=CAT  \\$aBATCH-UPD$b40$c20180219$lBLL01$h1744
=CAT  \\$a5552$b40$c20181206$lBLL01$h1212
=CAT  \\$aIPL-CLA$c20181231$lBLL01$h1539
=CAT  \\$aBATCH-UPD$b00$c20200219$lBLL01$h1540
=CAT  \\$aIPL-CLA$c20200331$lBLL01$h1611
=CFI  0\$aCurrent copyright fee: GBP32.00$c35\0$e01-apr-2020$fGBP32.00$g0$hP$5Uk
=CFI  2\$aPrevious copyright fee: GBP28.00$c35\0$e01-jan-2019$fGBP28.00$g0$hP$5Uk
=FFP  \\$aY$bBLDSS-3PM
=FIN  \\$aY
=FMT  \\$a  SE
=LAS  \\$aIPL-CLA$b00$c20200331$lBLL01$h1611
=LEO  \\$aMP22.0000068884
=SRC  \\$aISN01$bbibmp22.200404.2.aa
=TCO  \\$aCLA$bCLA$c008
=UNO  \\$aY

