=LDR  03493cas a22008053i 4500
=001  016602386
=003  Uk
=005  20230310114937.0
=008  140114c29129999ii\qr\j\\\\\\\0\\\a0eng\\
=022  \\$a2213-3089$y2213-3070
=222  \0$aGynecology and minimally invasive therapy$b(Online)
=245  00$aGynecology and minimally invasive therapy.
=264  \1$aOxford :$bElsevier.
=264  31$a[India] :$bMedknow
=336  \\$atext$2rdacontent
=337  \\$acomputer$2rdamedia
=338  \\$aonline resource$2rdacarrier
=540  \\$aCurrent copyright fee: GBP12.50$c111\0$5Uk
=852  41$aBritish Library$bHMNTS
=856  \\$31850-9999$uhttp://www.sciencedirect.com/$xBLDSS
=856  40$uhttps://www.e-gmit.com/
=945  \\$aGynecology and minimally invasive therapy.
=979  \\$aBritish Library$bDSC$j4233.787000N
=985  \\$aUpgraded by BSS-generated file for WR1910-0531
=ACF  \\$aPrevious copyright fee: GBP23.40$c5\1$e01-jan-2018$fGBP23.40$g0$hP$5Uk
=ACF  \\$aPrevious copyright fee: GBP22.50$c5\1$e11-feb-2016$fGBP22.50$g0$hP$5Uk
=ACF  \\$aPrevious copyright fee: GBP11.54$c111\0$e15-jan-2018$fGBP11.54$g0$hP$5Uk
=ACF  \\$aPrevious copyright fee: GBP10.71$c111\0$e01-apr-2018$fGBP10.71$g0$hP$5Uk
=ACF  \\$aPrevious copyright fee: GBP11.54$c111\0$e01-oct-2018$fGBP11.54$g0$hP$5Uk
=ACF  \\$aPrevious copyright fee: GBP12.00$c111\0$e01-oct-2019$fGBP12.00$g0$hP$5Uk
=ACF  \\$aPrevious copyright fee: GBP11.54$c111\0$e01-apr-2020$fGBP11.54$g0$hP$5Uk
=ACF  \\$aPrevious copyright fee: GBP12.00$c111\0$e01-jul-2020$fGBP12.00$g0$hP$5Uk
=ACF  \\$aPrevious copyright fee: GBP11.11$c111\0$e01-apr-2021$fGBP11.11$g0$hP$5Uk
=ACF  \\$aPrevious copyright fee: GBP10.71$c111\0$e07-jul-2021$fGBP10.71$g0$hP$5Uk
=CAT  \\$a8478$b40$c20140114$lBLL01$h0854
=CAT  \\$aBLDSS-3PM$b00$c20160215$lBLL01$h1032
=CAT  \\$aBATCH-UPD$b00$c20160413$lBLL01$h1827
=CAT  \\$a5552$b40$c20170201$lBLL01$h1445
=CAT  \\$aBATCH-UPD$b40$c20171121$lBLL01$h1755
=CAT  \\$aIPL-CLA$c20171231$lBLL01$h1822
=CAT  \\$a5552$b40$c20180116$lBLL01$h0819
=CAT  \\$aBATCH-UPD$b40$c20180223$lBLL01$h1559
=CAT  \\$aIPL-CLA$c20180331$lBLL01$h1707
=CAT  \\$aBATCH-UPD$b00$c20180823$lBLL01$h1912
=CAT  \\$aIPL-CLA$c20180930$lBLL01$h1516
=CAT  \\$aBATCH-UPD$b00$c20190829$lBLL01$h1452
=CAT  \\$aIPL-CLA$c20190930$lBLL01$h1653
=CAT  \\$aBATCH-UPD$b00$c20200219$lBLL01$h1440
=CAT  \\$aIPL-CLA$c20200331$lBLL01$h1630
=CAT  \\$aW1910-0531$b00$c20200429$lBLL01$h1706
=CAT  \\$aBATCH-UPD$b00$c20200522$lBLL01$h1429
=CAT  \\$aIPL-CLA$c20200701$lBLL01$h0116
=CAT  \\$aBATCH-UPD$b00$c20210226$lBLL01$h1010
=CAT  \\$aIPL-CLA$c20210331$lBLL01$h1703
=CAT  \\$aBATCH-UPD$b00$c20210707$lBLL01$h1533
=CAT  \\$aIPL-CLA$c20210707$lBLL01$h1844
=CAT  \\$aBATCH-UPD$b00$c20220520$lBLL01$h1605
=CAT  \\$aIPL-CLA$c20220630$lBLL01$h1539
=CAT  \\$aBATCH-UPD$b00$c20220824$lBLL01$h0836
=CAT  \\$aIPL-CLA$c20220930$lBLL01$h1429
=CAT  \\$a8483$b40$c20230310$lBLL01$h1148
=CAT  \\$a8483$b40$c20230310$lBLL01$h1149
=CFI  0\$aCurrent copyright fee: GBP12.50$c111\0$e01-oct-2022$fGBP12.50$g0$hP$5Uk
=CFI  2\$aPrevious copyright fee: GBP12.00$c111\0$e01-jul-2022$fGBP12.00$g0$hP$5Uk
=FFP  \\$aY$bBLDSS-3PM
=FMT  \\$a  SE
=LAS  \\$a8483$b40$c20230310$lBLL01$h1149
=MNI  \\$a2213-3070
=TOC  \\$aETOC
=UNO  \\$aY

